@inbook{turing,
    author = {Copeland, B.J.}, 
    title = {The Essential Turing},
    chapter = 10,
    publisher = {Oxford University Press, USA},
    year = 2004
}

@inproceedings{tag,
    author = {Craig W. Reynolds},
    title = {{Competition, Coevolution and the Game of Tag}},
    booktitle = {Proceedings of Artificial Life IV},
    pages = {59--69},
    month = {jan},
    year = {1994}
}

@book{koza,
    author = {John R. Koza},
    title = {{Genetic programming: on the programming of computers by means of natural selection}},
    publisher = {The MIT Press},
    address = {London},
    year = {1992},
    isbn = {9780262111706}
}

@article{cancer,
    author = {Worzel, William and Yu, Jianjun and Almal, Arpit and Chinnaiyan, Arul},
    title = {Applications of Genetic Programming in Cancer Research},
    journal = {The International Journal of Biochemistry \& Cell Biology},
    volume = {41},
    pages = {405-413},
    month = {feb},
    year = {2009},
    doi = {10.1016/j.biocel.2008.09.025}
}

@article{egp,
    author = {Winkler, Stephan and Affenzeller, Michael and Wagner, Stefan},
    title = {{Using enhanced genetic programming techniques for evolving classifiers in the context of medical diagnosis}},
    journal = {Genetic Programming and Evolvable Machines},
    volume = {10},
    pages = {111--140},
    month = {jun},
    year = {2009},
    doi = {10.1007/s10710-008-9076-8}
}

@article{bankruptcy,
    author = {Thomas E. McKee, Terje Lensberg},
    title = {{Genetic Programming and rough sets: A hybrid approach to bankruptcy classification}},
    journal = {European Journal of Operational Research},
    volume = {1},
    number = {138},
    pages = {436--451},
    year = {2002}
}

@inproceedings{stock,
    author = {Iba H., Sasaki T.},
    title = {{Using genetic programming to predict financial data}},
    booktitle = {Proceedings of the 1999 Congress on Evolutionary Computation-CEC99},
    pages = {244--251},
    month = {july},
    year = {1999}
}

@misc{lisp,
    author = {John McCarthy},
    title = {{Lisp}},
    year = {1958},
    note = {on-line at: \url{https://lisp-lang.org/}}
}
	
@book{fieldGuidetoGP,
    author = {Poli, R and Langdon, W.B. and McPhee, N.F.},
    title = {{A Field Guide to Genetic Programming}},
    publisher = {Lulu Enterprises, UK Ltd},
    year = {2008},
    isbn = {9781409200734}
}

@book{compIntelligence,
    author = {Engelbrecht, A.P.},
    title = {{Computational Intelligence: An Introduction}},
    publisher = {John Wiley \& Sons, Ltd},
    year = {2007},
    isbn = {9780470035610}
}

@book{synTrees,
    author = {Aho, A and Lam, M.S. and Sethi, R. and Ullman, J.},
    title = {{Compilers: principles, techniques and tools}},
    publisher = {Addison-Wesley Longman Publishing Co.},
    year = {2006},
    isbn = {9780321486813}
}

@book{darwin1859,
    author = {Darwin, Charles},
    title = {On the Origin of Species by Means of Natural Selection},
    publisher = {Murray},
    address = {London},
    year = {1859}
}

@book{vi,
    author = {Janičić, Predrag and Nikolić, Mladen.},
    title = {{Vestačka inteligencija}},
    address = {Matematički fakultet u Beogradu},
    year = {2019}
}

@article{edmonds2001meta,
    author = {Edmonds, B.},
    title = {Meta-genetic programming: Co-evolving the operators of variation},
    journal = {Elektrik},
    volume = {9},
    number = {1},
    pages = {13--30},
    year = {2001},
    publisher = {the Scientific and Technical Research Council of Turkey}
}

@inbook{genetic_algorithms,
    author = {Abraham, Ajith and Nedjah, Nadia and Mourelle, Luiza},
    title = {Evolutionary Computation: from Genetic Algorithms to Genetic Programming},
    volume = {13},
    pages = {1-20},
    month = {may},
    year = {2006},
    doi = {10.1007/3-540-32498-4_1}
}

@misc{ri,
    author = {Mišković, S.},
    title = {{Genetičko programiranje}},
    year = {1. april 2020.},
    note = {on-line at: \url{http://poincare.matf.bg.ac.rs/~stefan/ri/7.html}}
}
