@book{darwin1859,
    author = {Darwin, Charles},
    title = {On the Origin of Species by Means of Natural Selection},
    publisher = {Murray},
    address = {London},
    year = {1859}
}

@book{compIntelligence,
    author = {Engelbrecht, A.P.},
    title = {{Computational Intelligence: An Introduction}},
    publisher = {John Wiley \& Sons, Ltd},
    year = {2007},
    isbn = {9780470035610}
}
